@article{bogolyubsky-1940,
author = {Bogolyubsky, S. N.},
title = {On the pre-natal development of wrinkles on the skin of sheep},
journal = {C.R. Acad. Sci U.R.S.S.},
year = {1940},
volume = {27},
number = {8},
pages = {879-882},
note = {cited by Fraser A.S. and Short B.F. 1960}
}

@article{brown-1968,
author = {Brown, G. H. and Turner, Helen Newton},
title = {Response to selection in {Australian Merino} sheep. {II}. {Estimates} of phenotypic and genetic parameters for some production traits in {Merino} ewes and an analysis of the possible effects of selection on them},
journal = {Aust. J. Agric. Res.},
year = {1968},
volume = {19},
pages = {303-322},
}

@techreport{carter-1943,
author = {Carter, H. B.},
title = {Studies in the biology of the skin and fleece of sheep. 1. {The} development and general histology of the follicle group in the skin of the {Merino}. 2. {The} use of tanned sheepskin in the study of follicle population density. 3 {Notes} on the arrangement, nomenclature, and variation of skin folds and wrinkles in the {Merino}},
year = {1943},
type = {C.S.I.R. Bulletin},
number = {164},
pages = {1-59 plus 16 Plates plus 1 Figure},
institution = {{C.S.I.R. Melbourne}},
}

@article{dreyer-1983,
author = {Dreyer, J. H. and Rossouw, E. and Steyn, M. G.},
title = {The histology of the pre-natal hair follicle and hair fibre in four curl tyes of the {Karakul} sheep},
journal = {S. Afr. J. Anim. Sci.},
year = {1983},
volume = {13},
number = {3},
pages = {180-189},
}

@techreport{fraser-1960,
author = {Fraser, A. S. and Short, B. F.},
title = {The {Biology} of the {Fleece}},
type = {Animal Research Laboratories Technical Paper},
year = {1960},
number = {3},
pages = {1-108 plus 5 Plates},
institution = {{C.S.I.R.O. Melbourne}},
}

@article{gordon-thompson-2008,
author = {Gordon-Thompson, C. and Botto, S. A. and Cam, G. R. and Moore, G. P. H.},
title = {Notch pathway gene expression and wool follicle cell fates},
journal = {Aust. J. Exp. Agric.},
year = {2008},
volume = {48},
number = {5},
pages = {648-656},
}

@article{hardy-1956,
author = {Hardy, M. H. and Lyne, A. G.},
title = {The pre-natal development of wool follicles in {Merino} sheep},
journal = {Aust. J. biol. Sci.},
year = {1956},
volume = {9},
pages = {423-441},
}

@article{hynd-2009,
author = {Hynd, P. I. and Edwards, N. M. and Hebart, M.},
title = {Wool fibre crimp is determined by mitotic asymmetry and position of final keratinization and not ortho- and para-cortical cell segmentation},
journal = {Animal},
year = {2009},
volume = {3},
pages = {838-843},
}

@article{jackson-1975,
author = {Jackson, N. and Nay, T. and Turner, Helen Newton},
title = {Response to selection in {Australian Merino} sheep. {VII. Phenotypic} and genetic parameters for some wool follicle characteristics and their correlation with wool and body traits},
journal = {Aust. J. agric. Res.},
year = {1975},
volume = {26},
pages = {937-957},
}
 
@unpublished{jackson-2016,
author = {Jackson, N. and Watts, J. E.},
title =  {Can we predict intrinsic fibre curvature from follicle curvature score},
year = {2016},
note = {unpublished manuscript},
url = {https://github.com/nevillejackson/Fleece-biology/blob/master/fibrecurvature/curv.pdf},
}

@unpublished{jackson-2017,
author = {Jackson, N.},
title = {Genetics of primary and secondary fibre diameters and densities in {Merino} sheep},
year = {2017},
note = {Unpublished manuscript},
url = {https://github.com/nevillejackson/atavistic-sheep/blob/master/mev-rewrite/supplementary/genetic-parameters/psparam.pdf},
}

@unpublished{jackson-2017a,
author = {Jackson, N.},
title = {Genetic relationship between skin and wool traits in {Merino} sheep. {I. Responses} to selection and estimates of genetic parameters.},
year = {2017},
note = {Unpublished manuscript},
url = {https://github.com/nevillejackson/Fleece-genetics/tree/master/skinandfleeceparameters/ab3220/skinwool1.pdf},
}

@unpublished{jackson-2018,
author = {Jackson, N. and Watts, J. E.},
title = {Quantitative genetics of skin wrinkle in sheep},
year = {2018},
note = {Unpublished manuscript},
url = {https://github.com/nevillejackson/Fleece-genetics/blob/master/qgwrinkle/qgwrinkle.pdf},
}

@unpublished{jackson-1990,
author = {Jackson, N. and Maddocks, I. G. and Lax, J. and Moore, G. P. M. and Watts, J. E.},
title = {{Merino} evolution, skin characteristics, and fleece quality},
year = {1990},
note = {Unpublished manuscript},
url = {https://github.com/nevillejackson/atavistic-sheep/blob/master/mev/evol.pdf},
}

@unpublished{jackson-2017b,
author = {Jackson, N. and Watts, J. E.},
title = {What is known about the genetics of wrinkle score in {Merino} sheep?},
year = {2017},
note = {Unpublished manuscript},
url = {https://github.com/nevillejackson/Fleece-genetics/tree/master/wrinkle/wrinkle.pdf},
}


@article{jones-1946,
author = {Jones, J. M. and Warwick, B. L.},
title = {Inheritance of skin folds in sheep},
journal = {J. Anim. Sci.},
year = {1946},
volume = {5},
pages = {164-169},
}

@article{junqueira-1979,
author = {Junqueira, L. C. U. and Bignolas, G. and Brentani, R. R.},
title = {Picrosirius staining plus polarization microscopy, a specific method for collagen detection in tissue sections},
journal = {Histochem. J.},
year = {1979},
volume = {11},
pages = {447-455},
}

@book{kiernan-1999,
author = {Kiernan, J. A.},
title = {Histological and Histochemical Methods: Theory and Practice},
edition = {3},
year = {1999},
publisher = {Butterworth Heinemann},
address = {Oxford, UK},
}

@article{knight-1993,
author = {Knight, K. R. and Lepore, D. A. and Horne, R. S. and Ritz, M. and Kumta, S. and O'Brian, B. M.},
title = {Collagen content of uninjured skin and scar tissue in foetal and adult sheep},
journal = {Int. J. Exp. Pathol.},
year = {1993},
volume = {74},
number = {6},
pages = {583-591},
}

@mastersthesis{kozlowski-1966,
author = {Kozslowski, G. P.},
title = {The microscopic anatomy of the integument of sheep},
school = {Michigan State University},
year = {1966},
}

@article{lattouf-2014,
author = {Lattouf, R. and Younes, P. and Lutomski, D. and Naaman, N. and Godeau, G. and Senni, K. and Changotade, S.},
title = {Picrosirius red staining: a useful tool to appraise collagen networks in normal and pathological tissues},
journal = {J. Histochem. Cytochem.},
year = {2014},
volume = {62},
number = {10},
pages = {751-758},
}

@article{lyne-1968,
author = {Lyne, A. G. and Hollis, D. E.},
title = {The skin of sheep: A comparison of body regions},
journal = {Aust. J. agric. Res.},
year = {1968},
volume = {22},
pages = {499-527},
}

@book{maddocks-1988,
author = {Maddocks, I. G. and Jackson, N.},
title = {{Structural Studies of Sheep, Cattle, and Goat Skin}},
year = {1988},
address = {CSIRO Division of Animal Production, Sydney},
publisher = {CSIRO},
}

@techreport{madsen-1943,
author = {Madsen, M. A. and Esplin, Alma C. and Phillips, R. W.},
title = {Skin folds in sheep},
year = {1943},
type = {Bulletin},
number = {307}, 
pages = {1-13},
institution = {Utah State Agricultural Colledge},
}


@article{menton-1980,
author = {Menton, D. N. and Hess, R. A.},
title = {The ultrastructure of collagen in the dermis of tight-skin {(Tsk)} mutant mice},
journal = {The Journal of Investigative Dermatology},
year = {1980},
volume = {74},
pages = {139-147},
}

@article{mitchell-1984,
author = {Mitchell, T. W. and Nieass, Ann and Rigby, B. J. and Snaith, J. W.},
title = {Some physical and mechanical properties of sheep skin with a comparison of "thick" and "thin" skins},
journal = {Wool Technology and Sheep Breeding},
year = {1984},
volume = {32},
number = {74},
pages = {200-206},
}

@article{moore-1989,
author = {Moore, G. P. M. and Jackson, N. and Lax, J.},
title = {Evidence of a unique developmental mechanism specifying both wool follicle density and fibre size in sheep selected for single skin and fleece characters},
journal = {Genet. Res. Camb.},
year = {1989},
volume = {53},
number = {57-62},
pages = {57-62},
}

@article{moore-1996,
author = {Moore, G. P. M. and Jackson, N. and Isaacs, K. and Brown, G.},
title = {Development and density of wool follicles in {Merino} sheep selected for single fibre characteristics},
journal = {Aust. J. agric. Res.},
year = {1996},
volume = {47},
pages = {1195-1201},
}

@article{moore-1998,
author = {Moore, G. P. M. and Jackson, N. and Isaacs, K. and Brown, G.},
title = {Pattern and morphogenesis in skin},
journal = {J. Theoretical Biology},
year = {1998},
volume = {191},
pages = {87-94},
}

@article{nay-1966,
author = {Nay, T.},
title = {Wool follicle arrangement and vascular pattern in the {Australian Merino}},
journal = {Aust. J. Agric. Res},
year = {1966},
volume = {17},
pages = {797-805},
}

@book{onio-1962,
author = {Onions, W. J.},
title = {Wool. An introduction to its properties, varieties, uses and production},
year = {1962},
address = {London},
publisher = {Ernest Benn Limited},
}

@manual{rcoreteam-2017,
key = {R Core Team},
title = {R: A language and environment for statistical computing},
year = {2017},
organisation = {R Foundation for Statistical Computing},
url = {http://www.R-project.org/},
}

@article{robe-1957,
author = {Roberts, N. F. and Dunlop, A. A.},
title = {},
journal = {Aust. J. Agric. Res.},
year = {1957},
volume = {8},
pages = {524},
}

@book{ryder-1968,
author = {Ryder, M. L. and Stevenson, S. K.},
title = {{Wool Growth}},
year = {1968},
address = {London},
publisher = {Academic Press},
}

@article{scobie-2005,
author = {Scobie, D. R. and Young, S. R. and O'Connell, D. and Gurteen, S.},
title = {Skin wrinkles affect wool characteristics and the time taken to harvest wool from {Merino} and {Halfbred} sheep},
journal = {NZ. Jour. Agric. Res},
year = {2005},
volume = {48},
pages = {177-185},
}

@techreport{seddon-1931,
author = {Seddon, H. R. and Belschner, H. G. and Mulhearn, C. R.},
title = {Studies on cutaneous myiasis of sheep},
institution = {New South Walse Department of Agriculture},
type = {Science Bulletin},
year = {1931},
number = {37},
pages = {},
}

@phdthesis{swan-1993,
author = {Swan, P. G.},
title = {Objective measurement of fibre crimp curvature and the bulk compressional properties of Australian wools},
school = {University of NSW, School of Wool and Pastoral Sciences},
year = {1993},
}

@book{thompson-1917,
author = {Thompson, D'Arcy},
title = {{Growth and Form}},
year = {1917},
address = {Cambridge, England},
publisher = {Cambridge University Press},
}

@article{turner-1956,
author = {Turner, Helen Newton},
title = {Measurement as an aid to selection in breeding sheep for wool production},
journal = {Anim. Breed. Abstr.},
year = {1956},
volume = {24},
number = {2},
pages = {87-118},
}

@article{turner-1958,
author = {Turner, Helen Newton},
title = {Relationships among clean wool weight and its components. {I. Changes} in clean wool weight related to changes in the components},
journal = {Aust. J. agric. Res.},
year = {1958},
volume = {9},
number = {4},
pages = {521-552},
reprint = {J99},
}

@techreport{turner-1953,
author = {Turner, Helen Newton and Hayman, R. H. and Riches, J. H. and Roberts, N. F. and Wilson, L. T.},
title = {Physical definition of sheep and their fleece for breeding and husbandry studies: with particular reference to {Merino} sheep},
year = {1953},
number = {4},
institution = {CSIRO Anim. Hlth. Prod. Div.},
type = {Report},
note = {Ser SW-2 mimeo}
}

@article{turner-1968,
author = {Turner, H. N. and Dolling, C. H. S. and Kennedy, J. F.},
title = {Response to selection in {Australian Merino} sheep. {I. Selection} for high clean wool weight with a ceiling on fibre diameter and degree of wrinkle. {Response} in wool and body characteristics},
journal = {Aust. J. agric. Res},
year = {1968},
volume = {19},
pages = {79-112},
}

@article{turner-1970,
author = {Turner, Helen Newton and Brooker, M. G. and Dolling, C. H. S},
title = {Response to selection in {Australian Merino} sheep. {III. Single} character selection for high and low values of wool weight and its components},
journal = {Aust.J.agric.Res},
year = {1970},
volume = {21},
number = {},
pages = {955-984},
}

@unpublished{watts-2018,
author = {Watts, J. E. and Jackson, N.},
title = {Follicle depth, straight length, and curved length in plain and wrinkly sheep},
year = {2018},
note = {Unpublished manuscript},
url = {https://github.com/nevillejackson/SRS-Merino/blob/master/supplementary/depthandcurv/depthandcurv.pdf},
}

@unpublished{watts-2017,
author = {Watts, J. E. and Jackson, N. and Ferguson, K. A.},
title = {Improvements in fleece weight weight and wool quality of {Merino} sheep selected visually for high fibre density and length},
year = {2017},
note = {Unpublished manuscript},
url = {https://github.com/nevillejackson/SRS-Merino/tree/master/watts-papers/Paper\_2\_Revised\_10\_November\_2017.docx},
}

@unpublished{watts-2020,
author = {Watts, J. E. and Maleki, S. and Gordon, J. and Jackson, N.},
title = {Histology of collagen in Merino sheep skin and its association with skin wrinkle formation},
year = {2020},
note = {submitted to NZJAR},
}

@article{xavier-2003,
author = {Xavier, S. P. and Gordon-Thomson, C. and Wynn, P. C. and McCullagh, P.  and Thomson and P. C.  and Tomkins, L.  and Mason, R. S. and Moore, G. P. M.},
title = {Evidence that {Notch and Delta} expressions have a role in dermal condensate aggregation during wool follicle initiation},
journal = {Experimental Dermatology},
year = {2003},
volume = {22},
pages = {656-681},
}

