
@article{brown-1968,
author = {Brown, G. H. and Turner, Helen Newton},
title = {Response to selection in {Australian Merino} sheep. {II}. {Estimates} of phenotypic and genetic parameters for some production traits in {Merino} ewes and an analysis of the possible effects of selection on them},
journal = {Aust. J. Agric. Res.},
year = {1968},
volume = {19},
pages = {303-322},
}

@techreport{carter-1968,
author = {Carter, H. B.},
title = {Comparative Fleece Analysis Data for Domestic Sheep. The Principal Fleece Staple Values of Some Recognised Breeds.},
year = {1968},
type = {mimeographed report},
pages = {1-36},
institution = {{Agricultural Research Council}},
}


@article{jackson-1975,
author = {Jackson, N. and Nay, T. and Turner, Helen Newton},
title = {Response to selection in {Australian Merino} sheep. {VII. Phenotypic} and genetic parameters for some wool follicle characteristics and their correlation with wool and body traits},
journal = {Aust. J. agric. Res.},
year = {1975},
volume = {26},
pages = {937-957},
}
 
@unpublished{jackson-2016,
author = {Jackson, N. and Watts, J. E.},
title =  {Can we predict intrinsic fibre curvature from follicle curvature score},
year = {2016},
note = {unpublished manuscript},
url = {https://github.com/nevillejackson/Fleece-biology/blob/master/fibrecurvature/curv.pdf},
}

@unpublished{jackson-2016a,
author = {Jackson, N. and Watts, J. E.},
title =  {Staple crimp formation in the fleece of Merino sheep},
year = {2016},
note = {unpublished manuscript},
url = {https://github.com/nevillejackson/Fleece-biology/tree/master/crimpformation/crimp.pdf},
}


@unpublished{jackson-2017,
author = {Jackson, N.},
title = {Genetics of primary and secondary fibre diameters and densities in {Merino} sheep},
year = {2017},
note = {Unpublished manuscript},
url = {https://github.com/nevillejackson/atavistic-sheep/blob/master/mev-rewrite/supplementary/genetic-parameters/psparam.pdf},
}

@unpublished{jackson-2017a,
author = {Jackson, N.},
title = {Genetic relationship between skin and wool traits in {Merino} sheep. {I. Responses} to selection and estimates of genetic parameters.},
year = {2017},
note = {Unpublished manuscript},
url = {https://github.com/nevillejackson/Fleece-genetics/tree/master/skinandfleeceparameters/ab3220/skinwool1.pdf},
}

@article{nay-1966,
author = {Nay, T.},
title = {Wool follicle arrangement and vascular pattern in the {Australian Merino}},
journal = {Aust. J. Agric. Res},
year = {1966},
volume = {17},
pages = {797-805},
}


@manual{rcoreteam-2017,
key = {R Core Team},
title = {R: A language and environment for statistical computing},
year = {2017},
organisation = {R Foundation for Statistical Computing},
url = {http://www.R-project.org/},
}



@unpublished{watts-2020,
author = {Watts, J. E. and Maleki, S. and Gordon, J. and Jackson, N.},
title = {Histology of collagen in Merino sheep skin and its association with skin wrinkle formation},
year = {2020},
note = {submitted to NZJAR},
}


